<record><leader>00000cas a2200000 a 4500</leader><controlfield tag="001">8787140</controlfield><controlfield tag="008">820918d1856191uctuwr ne      0    0eng  </controlfield><datafield ind1=" " ind2=" " tag="010"><subfield code="a">sn 82014604 </subfield></datafield><datafield ind1=" " ind2=" " tag="040"><subfield code="a">DLC</subfield><subfield code="b">eng</subfield><subfield code="c">DLC</subfield><subfield code="d">NPX</subfield><subfield code="d">NPU</subfield><subfield code="d">NPY</subfield><subfield code="d">NPA</subfield><subfield code="d">DLC</subfield><subfield code="d">CNW</subfield><subfield code="d">MGN</subfield><subfield code="d">CNW</subfield><subfield code="d">OCL</subfield><subfield code="d">NYS</subfield><subfield code="d">KRTAS</subfield><subfield code="d">DLC</subfield><subfield code="d">OCLCQ</subfield><subfield code="d">OCLCA</subfield><subfield code="d">OCLCF</subfield></datafield><datafield ind1="1" ind2=" " tag="029"><subfield code="a">AU@</subfield><subfield code="b">000020225105</subfield></datafield><datafield ind1=" " ind2=" " tag="042"><subfield code="a">pcc</subfield></datafield><datafield ind1=" " ind2=" " tag="043"><subfield code="a">n-us-ct</subfield></datafield><datafield ind1="0" ind2="0" tag="050"><subfield code="a">Newspaper</subfield></datafield><datafield ind1="0" ind2="0" tag="245"><subfield code="a">Columbian weekly register.</subfield></datafield><datafield ind1="1" ind2="3" tag="246"><subfield code="a">Columbian register</subfield></datafield><datafield ind1=" " ind2=" " tag="260"><subfield code="a">New Haven, Conn. :</subfield><subfield code="b">Osborn &amp; Baldwin</subfield></datafield><datafield ind1=" " ind2=" " tag="300"><subfield code="a">v. ;</subfield><subfield code="c">68-76 cm.</subfield></datafield><datafield ind1=" " ind2=" " tag="310"><subfield code="a">Weekly</subfield></datafield><datafield ind1="0" ind2=" " tag="362"><subfield code="a">Vol. 45, no. 2250 (Jan. 5, 1856)-</subfield></datafield><datafield ind1=" " ind2=" " tag="500"><subfield code="a">Publishers: Osborn &amp; Baldwin, 1856-&lt;1865&gt;; M.A. Osborn &amp; Co., 1866-1875; Register Pub. Co., 1875-&lt;1876&gt;.</subfield></datafield><datafield ind1=" " ind2=" " tag="500"><subfield code="a">Editors: M.A. Osborn, 1856-1877; S.A. York; R.W. Wright; W. Parsons.</subfield></datafield><datafield ind1=" " ind2=" " tag="500"><subfield code="a">Democratic, 1856-&lt;1876&gt;; Independent. Cf. Ayer, 1911.</subfield></datafield><datafield ind1=" " ind2=" " tag="530"><subfield code="a">Available on microfilm from the Readex Microfilm Co.</subfield></datafield><datafield ind1=" " ind2=" " tag="580"><subfield code="a">Triweekly ed.: Daily register (New Haven, Conn.), 1856-186.</subfield></datafield><datafield ind1=" " ind2=" " tag="580"><subfield code="a">Daily eds.: New-Haven daily register, 1856-1864, and: New Haven morning register, 1864, and: New Haven evening register (New Haven, Conn. : 1864), 1864-18, and: Evening register (New Haven, Conn.), 18 -Oct. 10, 1874, and: New Haven evening register (New Haven, Conn. : 1874), 1874-191.</subfield></datafield><datafield ind1=" " ind2="0" tag="651"><subfield code="a">New Haven (Conn.)</subfield><subfield code="v">Newspapers.</subfield></datafield><datafield ind1=" " ind2="0" tag="651"><subfield code="a">New Haven County (Conn.)</subfield><subfield code="v">Newspapers.</subfield></datafield><datafield ind1=" " ind2="7" tag="655"><subfield code="a">Newspapers.</subfield><subfield code="2">fast</subfield><subfield code="0">(OCoLC)fst01423814</subfield></datafield><datafield ind1=" " ind2="7" tag="651"><subfield code="a">Connecticut</subfield><subfield code="z">New Haven.</subfield><subfield code="2">fast</subfield><subfield code="0">(OCoLC)fst01206280</subfield></datafield><datafield ind1=" " ind2="7" tag="651"><subfield code="a">Connecticut</subfield><subfield code="z">New Haven County.</subfield><subfield code="2">fast</subfield><subfield code="0">(OCoLC)fst01207938</subfield></datafield><datafield ind1="1" ind2=" " tag="700"><subfield code="a">Osborn, Minott Augur,</subfield><subfield code="d">1811-1877.</subfield></datafield><datafield ind1="1" ind2=" " tag="700"><subfield code="a">York, Samuel A.</subfield></datafield><datafield ind1="1" ind2=" " tag="700"><subfield code="a">Wright, Robert W.</subfield></datafield><datafield ind1="1" ind2=" " tag="700"><subfield code="a">Parsons, William.</subfield></datafield><datafield ind1=" " ind2=" " tag="752"><subfield code="a">United States</subfield><subfield code="b">Connecticut</subfield><subfield code="c">New Haven</subfield><subfield code="d">New Haven.</subfield></datafield><datafield ind1="1" ind2=" " tag="775"><subfield code="t">Daily register (New Haven, Conn.)</subfield><subfield code="w">(DLC)sn 84022862</subfield><subfield code="w">(OCoLC)10688540</subfield></datafield><datafield ind1="1" ind2=" " tag="775"><subfield code="t">New-Haven daily register</subfield><subfield code="w">(DLC)sn 84023005</subfield><subfield code="w">(OCoLC)10690121</subfield></datafield><datafield ind1="1" ind2=" " tag="775"><subfield code="t">New Haven morning register</subfield><subfield code="w">(DLC)sn 94053245</subfield><subfield code="w">(OCoLC)31071004</subfield></datafield><datafield ind1="1" ind2=" " tag="775"><subfield code="t">New Haven evening register (New Haven, Conn. : 1864)</subfield><subfield code="w">(DLC)sn 84023006</subfield><subfield code="w">(OCoLC)10698545</subfield></datafield><datafield ind1="1" ind2=" " tag="775"><subfield code="t">Evening register (New Haven, Conn. : 1870)</subfield><subfield code="w">(DLC)sn 84023007</subfield><subfield code="w">(OCoLC)10698606</subfield></datafield><datafield ind1="1" ind2=" " tag="775"><subfield code="t">New Haven evening register (New Haven, Conn. : 1874)</subfield><subfield code="w">(DLC)sn 84023008</subfield><subfield code="w">(OCoLC)10698635</subfield></datafield><datafield ind1="0" ind2="0" tag="780"><subfield code="t">Columbian register (New Haven, Conn. : 1812)</subfield><subfield code="w">(DLC)sn 82015538</subfield><subfield code="w">(OCoLC)8807798</subfield></datafield><datafield ind1=" " ind2=" " tag="938"><subfield code="a">Kirtas Technologies, Inc.</subfield><subfield code="b">KRTS</subfield><subfield code="n">735989</subfield></datafield></record>